# chapter-code bib
@BOOK{Stroustrup:97,
  author = "Bjarne Stroustrup",
  title = "The C++ Programming Language: Third Edition",
  publisher = "Addison-Wesley",
  year = "1997",
}
