# chapter-quantComp bib

@ARTICLE{Preskill:98,
 author = "John Preskill",
 title = "Lecture Notes for Physics 229: Quantum Information and Computation",
 journal = "unpublished: available online at http://???",
 year = "1998",
}

@ARTICLE{Durr/Hoyer:96,
 author = "C. Durr and P.Hoyer",
 journal = "LANL preprint quant-ph/9607014",
 year = "1996",
}

@ARTICLE{Grover:96b,
 author = "L. K. Grover",
 journal = "LANL preprint quant-ph/9607024",
 year = "1996",
}

@ARTICLE{Grover:97,
 author = "L. K. Grover",
 journal = "Phys. Rev. Lett.",
 volume = "79",
 pages = "4709",
 year = "1997",
}

@ARTICLE{Brassard/Hoyer/Tapp:97,
 author = "G. Brassard and P. Hoyer and A. Tapp",
 journal = "LANL preprint quant-ph/9705002",
 year = "1997",
}

@ARTICLE{Terhal/Smolin:98,
 author = "B. M. Terhal and J. A. Smolin",
 journal = "Phys. Rev. A",
 volume = "58",
 pages = "1822",
 year = "1998",
}

@ARTICLE{Brassard/Hoyer/Tapp:98,
 author = "G. Brassard and P. Hoyer and A. Tapp",
 journal = "LANL preprint quant-ph/9805082",
 year = "1998",
}

@ARTICLE{Cerf/Grover/Williams:98,
 author = "N. J. Cerf and L. K. Grover and C. P. Williams",
 journal = "LANL preprint quant-ph/9806078",
 year = "1998",
}

@ARTICLE{Farhi/Gutmann:98,
 author = "E. Farhi and S. Gutmann",
 journal = "Phys. Rev. A",
 volume = "57",
 pages = "2403",
 year = "1998",
}
