# chapter-conclusion bib

@ARTICLE{Pablo-Norman/Ruiz-Altaba:99,
 author = "B. Pablo-Norman and M. Ruiz-Altaba",
 title = "Noise in Grover's Quantum Search Algorithm",
 note = "LANL ePrint {\texttt{quant-ph/9903070}}",
 year = "1999",
}

@ARTICLE{Kempe/Bacon/Lidar/Whaley:00,
 author = "J. Kempe and D. Bacon and D. A. Lidar and K. B. Whaley",
 title = "Theory of Decoherence--Free Fault--Tolerant Universal Quantum Computation",
 note = "LANL ePrint {\texttt{quant-ph/0004064}}",
 volume = "v2",
 year = "2000",
}
