# chapter-statDist.bib

@ARTICLE{Wooters:81,
 author = "W.K. Wooters",
 title = "Statistical Distance and Hilbert space",
 journal = "Phys. Rev. D",
 volume = "23",
 number = "2",
 year = "1981",
 pages = "357--362",
}

@ARTICLE{Braunstein/Caves:94,
 author = "Samuel L. Braunstein and Carlton Caves",
 title = "Statistical Distance and the Geometry of Quantum States",
 journal = "Phys. Rev. Lett.",
 volume = "72",
 year = "1994",
 pages = "3439--3443",
}

@ARTICLE{Alvarez/Gomez:99,
 author = "J.J. Alvarez and C. G{\`o}mez",
 title = "A Comment on Fisher Information and Quantum Algorithms",
 journal = "quant-ph/9910115",
 volume = "v3",
 year = "1999",
}

@ARTICLE{Gibbons:92,
 author = "G.W. Gibbons",
 title = "",
 journal = "J. Geom. Phys.",
 volume = "8",
 year = "1992",
 pages = "147--?",
}

@BOOK{Nakahara:90,
  author = "Mikio Nakahara",
  title = "Geometry, Topology, and Physics",
  publisher = "Institute of Physics Publishing",
  year = "1990",
}

@BOOK{Nash:91,
  author = "Charles Nash",
  title = "Differential Topology and Quantum Field Theory",
  publisher = "Academic Press",
  year = "1991",
}

@ARTICLE{Bures:69,
 author = "D. J. C. Bures",
 journal = "Trans. Am. Math. Soc.",
 volume = "135",
 year = "1969",
 pages = "199",
}

@ARTICLE{Uhlmann:76,
 author = "A. Uhlmann",
 journal = "Rep. Math. Phys.",
 volume = "9",
 year = "1976",
 pages = "273",
}
