# chapter-dynamics bib

@ARTICLE{Zalka:97,
 author = "Christof Zalka",
 title = "Grover's quantum searching algorithm is optimal",
 note = "LANL ePrint {\texttt{quant-ph/9711070}}",
 volume = "v2",
 year = "1997",
}

@ARTICLE{Boyer/Brassard/Hoyer/Tapp:96,
 author = "Michel Boyer and Gilles Brassard and Peter Hoyer and Alain Tapp",
 title = "Tight bounds on quantum searching",
 note = "LANL ePrint {\texttt{quant-ph/9605034}}",
 year = "1996",
}

@ARTICLE{Bennet/Brassard/Bernstein/Vazirani:97,
 author = "Charles Bennett and Gilles Brassard and Ethan Bernstein and Umesh Vazirani",
 title = "Strenths and Weaknesses of Quantum Computing",
 journal = "SIAM Journal of Computing",
 volume = "26",
 pages = "1510",
 note = "LANL ePrint {\texttt{quant-ph/9701001}}",
 year = "1997",
}

@ARTICLE{Gorini/Kossakowski/Sudarshan:76,
 author = "V. Gorini and A. Kossakowski and E.C.G. Sudarshan",
 journal = "J. Math. Phys.",
 volume = "17",
 pages = "821",
 year = "1976",
}
