
@Inproceedings{Shor:94,
title = "Polynomial--Time Algorithms for Prime Factorization and Discrete
Logarithms on a Quantum Computer",
author = "Peter W. Shor",
booktitle = "Proc. 35th Annual Symp. on Foundations of Computer Science",
organization = "IEEE Computer Society Press",
year = "1994",
note = "revised edition version 2 preprint quant-ph/9508027"
}

